
@inproceedings{ritu2018performance,
  title={Performance analysis of different word embedding models on bangla language},
  author={Ritu, Zakia Sultana and Nowshin, Nafisa and Nahid, Md Mahadi Hasan and Ismail, Sabir},
  booktitle={2018 International Conference on Bangla Speech and Language Processing (ICBSLP)},
  pages={1--5},
  year={2018},
  organization={IEEE}
}
@inproceedings{bhoir2017comparative,
  title={Comparative analysis of different word embedding models},
  author={Bhoir, Snehal and Ghorpade, Tushar and Mane, Vanita},
  booktitle={2017 International conference on advances in computing, communication and Control (ICAC3)},
  pages={1--4},
  year={2017},
  organization={IEEE}
}
@article{ajose2020performance,
  title={Performance Analysis of Different Word Embedding Models for Text Classification},
  author={Ajose-Ismail, BM and Abimbola, Olawale Victor and Oloruntoba, SA},
  journal={International Journal of Scientific Research and Engineering Development},
  volume={3},
  number={6},
  pages={1016--1020},
  year={2020},
  publisher={International Journal of Scientific Research and Engineering Development}
}
@article{mikolov2013efficient,
  title={Efficient estimation of word representations in vector space},
  author={Mikolov, Tomas and Chen, Kai and Corrado, Greg and Dean, Jeffrey},
  journal={arXiv preprint arXiv:1301.3781},
  year={2013}
}
@misc{fano2019comparative,
  title={A comparative study of word embedding methods for early risk prediction on the Internet},
  author={Fano, Elena},
  year={2019}
}
@article{sarzynska2021detecting,
  title={Detecting formal thought disorder by deep contextualized word representations},
  author={Sarzynska-Wawer, Justyna and Wawer, Aleksander and Pawlak, Aleksandra and Szymanowska, Julia and Stefaniak, Izabela and Jarkiewicz, Michal and Okruszek, Lukasz},
  journal={Psychiatry Research},
  volume={304},
  pages={114135},
  year={2021},
  publisher={Elsevier}
}
@inproceedings{koirala2021npvec1,
  title={Npvec1: Word embeddings for nepali-construction and evaluation},
  author={Koirala, Pravesh and Niraula, Nobal B},
  booktitle={Proceedings of the 6th Workshop on Representation Learning for NLP (RepL4NLP-2021)},
  pages={174--184},
  year={2021}
}